@PREAMBLE{"\newcommand{\noopsort}[1]{}"}


%%%%%%%%%%%%%%%%%%%%%%%%%%%%%%%%%%%
%%%%%%%%   1800s  Papers   %%%%%%%%
%%%%%%%%%%%%%%%%%%%%%%%%%%%%%%%%%%%
@article{redfield1841observations,
  title={Observations on the Storm of {D}ec. 15, 1839},
  author={Redfield, William C.},
  journal={American Journal of Science},
  volume={42},
  pages={112--119},
  year={1841}
}


%%%%%%%%%%%%%%%%%%%%%%%%%%%%%%%%%%%
%%%%%%%%   1900s  Papers   %%%%%%%%
%%%%%%%%%%%%%%%%%%%%%%%%%%%%%%%%%%%
@article{bjerknes1904nwpvision,
  author={Bjerknes, Vilhelm},
  journal={Meteorologische Zeitschrift},
  pages={1--7},
  title={Das Problem der Wettervorhersage, betrachtet vom Standpunkte der Mechanik und der Physi(The problem of weather prediction, considered from the viewpoints of mechanics and physics)},
  volume={21},
  year={1904},
  note={(translated and edited by Volken E. and S. Bronnimann. -- Meteorologische Zeitschrift \textbf{18} (2009), 663-667)}
}


%%%%%%%%%%%%%%%%%%%%%%%%%%%%%%%%%%%
%%%%%%%%   1920s  Papers   %%%%%%%%
%%%%%%%%%%%%%%%%%%%%%%%%%%%%%%%%%%%
@book{richardson1922weather,
  title={Weather Prediction by Numerical Process},
  author={Richardson, Lewis F.},
  year={1922},
  publisher={University Press}
  pages
}


%%%%%%%%%%%%%%%%%%%%%%%%%%%%%%%%%%%
%%%%%%%%   1940s  Papers   %%%%%%%%
%%%%%%%%%%%%%%%%%%%%%%%%%%%%%%%%%%%
@article{panofsky1949oban,
  title={Objective Weather-Map Analysis.},
  author={Panofsky, R. A.},
  journal={Journal of Atmospheric Sciences},
  volume={6},
  pages={386--392},
  year={1949}
}


%%%%%%%%%%%%%%%%%%%%%%%%%%%%%%%%%%%
%%%%%%%%   1950s  Papers   %%%%%%%%
%%%%%%%%%%%%%%%%%%%%%%%%%%%%%%%%%%%
@article{gilchrist1954oban,
  title={An Experiment in Objective Analysis},
  author={Gilchrist, B. and Cressman, George P.},
  journal={Tellus},
  volume={6},
  number={4},
  pages={309--318},
  year={1954},
}

@techreport{eliassen1954oi,
  title={Provisional Report on Calculation of Spatial Covariance and Autocorrelation of the Pressure Field: Appendix to Report {N}o. 5},
  author={Eliassen, A},
  institution={Videnskaps-Akademiets Institutt for Vaer-Og Limaforskning, Oslo, Norway},
  pages={12},
  year={1954},
  note={[Available from Norwegian Meteorological Institute, P.O. Box 43, Blindern N-0313 Oslo, Norway]}
}

@article{bergthorsson1955numerical,
  title={Numerical Weather Map Analysis},
  author={Bergth{\'o}rsson, P. and D{\"o}{\"o}s, B.R.},
  journal={Tellus},
  volume={7},
  number={3},
  pages={329--340},
  year={1955},
}

@article{sasaki1955variational,
  title={A Fundamental Study of the Numerical Prediction Based on the Variational Principle},
  author={Sasaki, Yoshikazu},
  journal={Journal of the Meteorological Society of Japan},
  volume={33},
  number={6},
  pages={262--275},
  year={1955}
}

@article{thompson1957predictability,
  title={Uncertainty of Initial State as a Factor in the Predictability of Large Scale Atmospheric Flow Patterns},
  author={Thompson, Phillip Duncan},
  journal={Tellus},
  volume={9},
  number={3},
  pages={275--295},
  year={1957},
}

@article{sasaki1958objective,
  title={An objective analysis based on the variational method},
  author={Sasaki, Yoshikazu},
  journal={Journal of the Meteorological Society of Japan},
  volume={36},
  number={3},
  pages={77--88},
  year={1958}
}

@article{cressman1959operational,
  title={An Operational Objective Analysis System},
  author={Cressman, George P.},
  journal={Monthly Weather Review},
  volume={87},
  number={10},
  pages={367--374},
  year={1959}
}

@article{phillips1959instabilities,
  title={An Example of Non-Linear Computational Instability},
  author={Phillips, Norman A.},
  journal={The Atmosphere and the Sea in Motion},
  pages={501--504},
  year={1959},
}

%%%%%%%%%%%%%%%%%%%%%%%%%%%%%%%%%%%
%%%%%%%%   1960s  Papers   %%%%%%%%
%%%%%%%%%%%%%%%%%%%%%%%%%%%%%%%%%%%
@article{lorenz1963predictability,
  title={Deterministic Nonperiodic Flow},
  author={Lorenz, Edward N.},
  journal={Journal of Atmospheric Sciences},
  volume={20},
  pages={130--148},
  year={1963}
}

@article{lorenz1965predictability,
  title={A Study of the Predictability of a 28-Variable Atmospheric Model},
  author={Lorenz, Edward N.},
  journal={Tellus},
  volume={17},
  number={3},
  pages={321--333},
  year={1965},
}

@article{sasaki19694dvariational,
  title={Proposed Inclusion of Time Variation Terms, Observational and Theoretical, in Numerical Variational Objective Analysis},
  author={Sasaki, Yoshikazu},
  journal={Journal of the Meteorological Society of Japan},
  volume={47},
  pages={115--124},
  year={1969}
}

@article{epstein1969predictability,
  title={Stochastic Dynamic Prediction},
  author={Epstein, Edward S.},
  journal={Tellus},
  volume={21},
  number={6},
  pages={739--759},
  year={1969},
}

@article{joss1969dsderrors,
  title={Raindrop Size Distribution and Sampling Size Errors},
  author={Joss, J. and Waldvogel, A.},
  journal={Journal of Atmospheric Science},
  volume={26},
  pages={566--569},
  year={1969}
}


%%%%%%%%%%%%%%%%%%%%%%%%%%%%%%%%%%%
%%%%%%%%   1970s  Papers   %%%%%%%%
%%%%%%%%%%%%%%%%%%%%%%%%%%%%%%%%%%%
@article{sasaki1970variational,
  title={\noopsort{a}{S}ome Basic Formalisms in Numerical Variational Analysis},
  author={Sasaki, Yoshikazu},
  journal={Monthly Weather Review},
  volume={98},
  number={12},
  pages={875--883},
  year={1970}
}

@article{sasaki1970numerical,
  title={\noopsort{b}{N}umerical Variational Analysis Formulated Under the Constraints as Determined by Longwave Equations and a Low-Pass Filter},
  author={Sasaki, Yoshikazu},
  journal={Monthly Weather Review},
  volume={98},
  number={12},
  pages={884--898},
  year={1970}
}

@article{sasaki1970weakconstraint,
  title={\noopsort{c}{N}umerical Variational Analysis with Weak Constraint and Application to Surface Analysis of Severe Storm Gust},
  author={Sasaki, Yoshikazu},
  journal={Monthly Weather Review},
  volume={98},
  number={12},
  pages={899--910},
  year={1970}
}

@article{leith1972predictability,
  title={Predictability of Turbulent Flows},
  author={Leith, CE and Kraichnan, RH},
  journal={Journal of Atmospheric Sciences},
  volume={29},
  pages={1041--1058},
  year={1972}
}


%%%%%%%%%%%%%%%%%%%%%%%%%%%%%%%%%%%
%%%%%%%%   1980s  Papers   %%%%%%%%
%%%%%%%%%%%%%%%%%%%%%%%%%%%%%%%%%%%
@article{lorenc1981global,
  title={A Global Three-Dimensional Multivariate Statistical Interpolation Scheme},
  author={Lorenc, A. C.},
  journal={Monthly Weather Review},
  volume={109},
  pages={701--721},
  year={1981}
}

@article{ziegler1983hail,
  title={Hail growth in an Oklahoma Multicell Storm},
  author={Ziegler, Conrad L. and Ray, P. S. andKnight, N. C.},
  journal={Journal of Atmospheric Science},
  volume={40},
  pages={1768--1791},
  year={1983}
}


@article{weisman1984structure,
  title={The Structure and Classification of Numerically Simulated Convective Storms in Directionally Varying Wind Shears},
  author={Weisman, Morris L. and Klemp, Joseph B.},
  journal={Monthly Weather Review},
  volume={112},
  number={12},
  pages={2479--2498},
  year={1984},
}

@article{hollingsworth1986si,
  title={The Statistical Structure of Short-Range Forecast Errors as Determined from Radiosonde Data. {P}art I: The Wind Field},
  author={Hollingsworth, A. and L{\"o}nnberg, P.},
  journal={Tellus A},
  volume={38},
  number={2},
  pages={111--136},
  year={1986},
  publisher={Wiley Online Library}
}

@article{lorenc1986analysis,
  title={Analysis Methods for Numerical Weather Prediction},
  author={Lorenc, A. C.},
  journal={Quarterly Journal of the Royal Meteorological Society},
  volume={112},
  number={474},
  pages={1177--1194},
  year={1986},
}

@article{doswell1988stormreports,
  title={On Some Issues of United States Tornado Climatology},
  author={Doswell, Charles A. III and Burgess, Donald W.},
  journal={Monthly Weather Review},
  volume={116},
  pages={495--501},
  year={1988}
}


%%%%%%%%%%%%%%%%%%%%%%%%%%%%%%%%%%%
%%%%%%%%   1990s  Papers   %%%%%%%%
%%%%%%%%%%%%%%%%%%%%%%%%%%%%%%%%%%%
@article{lilly1990,
  author={Lilly, Douglas K.},
  journal={Quarterly Journal of the Royal Meteorological Society},
  month=July,
  number={494},
  pages={779--798},
  title={Numerical Prediction of Thunderstorms -- Has its Time Come?},
  volume={116},
  year={1990}
}

@article{pielke1991resolution,
  author={Pielke, Roger A.},
  title={A Recommended Specific Definition of ``Resolution.''},
  journal={Bulletin of the American Meteorological Society},
  volume={72},
  pages={1914},
  year={1991}
}

@article{evensen1994enkf,
  title={Sequential Data Assimilation with a Non-Linear Quasi-Geostrophic Model Using {M}onte {C}arlo Methods to Forecast Error Statistics},
  author={Evensen, Geir},
  journal={Journal of Geophysical Research},
  volume={99},
  pages={10143--10162},
  year={1994}
}

@techreport{lorenc1995assimilation,
  author={Lorenc, Andrew C.},
  title={Atmospheric Data Assimilation},
  institution={Forecasting Research Division Meteorological Office},
  year={1995},
  type={Scientific Paper},
  number={34},
  address={Meteorological Office, London Road, Bracknell, Berkshire RG12 2SZ, England}
}

@article{weisman1997resolution,
  title={The Resolution Dependence of Explicitly Modeled Convective Systems},
  author={Weisman, M.L. and Skamarock, W.C. and Klemp, J.B.},
  journal={Monthly Weather Review},
  volume={125},
  number={4},
  pages={527--548},
  year={1997}
}

@article{hamill1998eps,
  author={Hamill, Thomas M. and Colucci, Stephen J.},
  journal={Monthly Weather Review},
  number={3},
  pages={711--724},
  title={{Evaluation of Etaâ€“RSM Ensemble Probabilistic Precipitation Forecasts}},
  volume={126},
  year={1998}
}

@article{houtekamer1998data,
  title={Data Assimilation Using an Ensemble {K}alman Filter Technique},
  author={Houtekamer, P. L. and Mitchell, Herschel L.},
  journal={Monthly Weather Review},
  volume={126},
  number={3},
  pages={796--811},
  year={1998}
}

@article{rasmussen1998climo,
  title={A Baseline Climatology of Sounding-Derived Supercell andTornado Forecast Parameters},
  author={Rasmussen, Eric N. and Blanchard, David O.},
  journal={Weather and forecasting},
  volume={13},
  number={4},
  pages={1148--1164},
  year={1998}
}

@article{park1999nonlinearity,
  title={Nonlinearity and Predictability of Convective Rainfall Associated with Water Vapor Perturbations in a Numerically Simulated Storm},
  author={Park, S.K.},
  journal={Journal of geophysical research},
  volume={104},
  number={D24},
  pages={31575--31},
  year={1999},
}


%%%%%%%%%%%%%%%%%%%%%%%%%%%%%%%%%%%
%%%%%%%%   2000s  Papers   %%%%%%%%
%%%%%%%%%%%%%%%%%%%%%%%%%%%%%%%%%%%
@article{grasso2000resolution,
  title={The Differentiation between Grid Spacing and Resolution and Their Application to Numerical Modeling},
  author={Grasso, L. D},
  journal={Bulletin of the American Meteorological Society},
  volume={81},
  pages={579--580},
  year={2000}
}

@article{stensrud2000epscreation,
  title={Using Initial Condition and Model Physics Perturbations in Short-Range Ensemble Simulations of Mesoscale Convective Systems},
  author={Stensrud, David J. and Bao, Jian-Wen and Warner, Thomas T.},
  journal={Monthly Weather Review},
  volume={128},
  pages={2077--2107},
  year={2000}
}

@article{park2000sensitivity,
  title={Sensitivity Analysis of a 3D Convective Storm: {I}mplications for Variational Data Assimilation and Forecast Error},
  author={Park, S.K. and Droegemeier, K.K.},
  journal={Monthly weather review},
  volume={128},
  number={1},
  pages={140--159},
  year={2000}
}

@article{Gilmour2001,
  title={Linear Regime Duration: Is 24 Hours a Long Time in Synoptic Weather Forecasting?},
  author={Gilmour, I. and Smith, L.A. and Buizza, R.},
  journal={Journal of the Atmospheric Sciences},
  volume={58},
  number={22},
  pages={3525--3539},
  year={2001}
}

@article{bishop2001letkf,
  title={Adaptive Sampling with the Ensemble Transform Kalman Filter. {P}art I: {T}heoretical Aspects},
  author={Bishop, C. H. and Etherton, B. J. and Majumdar, S. J.},
  journal={Monthly Weather Review},
  volume={129},
  pages={420},
  year={2001}
}

@article{thomas2002floatingpoint,
  title={An Ensemble Analysis of Forecast Errors Related to Floating Point Performance},
  author={Thomas, Stephen and Hacker, Joshua P. and Desgagn\'{e}, Michel and Stull, Roland B.},
  journal={Weather and Forecasting},
  volume={17},
  number={4},
  pages={898--906},
  year={2002}
}

@inproceedings{weiss2002stormreports,
  title={An Examination of Severe Thunderstorm Wind Report Climatology: 1970-1999},
  booktitle={Preprints: 21st Conference on Severe Local Storms},
  author={Weiss, S. J. and Hart, J. A. and Janish, P. R.},
  year={2002},
  pages={446--449},
  organization={San Antonio, TX, American Meteorological Society},
}

@article{wilks2002smoothing,
  author={Wilks, D. S.},
  journal={Quarterly Journal of the Royal Meteorological Society},
  number={586},
  pages={2821--2836},
  title={Smoothing Forecast Ensembles with Fitted Probability Distributions},
  volume={128},
  year={2002}
}

@article{bryan2003resolution,
  title={Resolution Requirements for the Simulation of Deep Moist Convection},
  author={Bryan, George H. and Wyngaard, John C. and Fritschm, J. Michael},
  journal={Mon. Wea. Rev.},
  volume={131},
  pages={2394--2416},
  year={2003}
}

@article{lorenc2003enkfpotential,
  title={The Potential of the Ensemble {K}alman Filter for NWP--A Comparison with 4D-Var},
  author={Lorenc, A. C.},
  journal={Quarterly Journal of the Royal Meteorological Society},
  volume={129},
  number={595},
  pages={3183--3203},
  year={2003},
  publisher={Wiley Online Library}
}

@article{marshall2003pbl,
  title={The Impact of the Land Surface Physics in the Operational NCEP Eta Model on Simulating the Diurnal Cycle: {E}valuation and Testing Using {O}klahoma {M}esonet Data},
  author={Marshall, C. H. and Crawford, K. C. and Mitchell, K. E. and Stensrud, D. J.},
  journal={Weather and forecasting},
  volume={18},
  number={5},
  year={2003},
  pages={748--768}
}

@article{thompson2003ruc,
  title={Close proximity soundings within supercell environments obtained from the Rapid Update Cycle},
  author={Thompson, Richard L. and Edwards, Roger and Hart, John A. and Elmore, Kimberly L. and Markowski, Paul},
  journal={Weather and forecasting},
  volume={18},
  number={6},
  pages={1243--1261},
  year={2003}
}

@article{evensen2003enkf,
  title={The Ensemble {K}alman Filter: {T}heoretical Formulation and Practical Implementation},
  author={Evensen, Geir},
  journal={Ocean Dynamics},
  volume={53},
  number={4},
  pages={343--367},
  year={2003},
}

@article{done2004cams,
  author={Done, James and Davis, Christopher A. and Weisman, Morris},
  journal={Atmospheric Science Letters},
  number={6},
  pages={110--117},
  title={The Next Generation of NWP: {E}xplicit Forecasts of Convection Using the Weather Research and Forecasting (WRF) Model},
  volume={5},
  year={2004}
}

@article{ott2004local,
  title={A Local Ensemble {K}alman Filter for Atmospheric Data Assimilation},
  author={Ott, E. and Hunt, B. R. and Szunyogh, I. and Zimin, A. V. and Kostelich, E. J. and Corazza, M. and Kalnay, E. and Patil, D. J. and Yorke, J. A.},
  journal={Tellus},
  volume={56},
  number={5},
  pages={415--428},
  year={2004},
}

@unpublished{shukla2005predictability,
  title={Have We Reached the Limits of Predictability?},
  author={Shukla, J.},
  year={2005},
  note={{AMS} Ed Lorenz Symposium, [Available online at \url{http://wind.mit.edu/~hansen/lorenz_symp/Shukla.ppt}}
}

@article{hacker2005predictability,
  title={Predictability},
  author={Hacker, Joshua and Coauthors},
  journal={Bulletin of the American Meteorological Society},
  volume={86},
  pages={1733--1737},
  year={2005}
}

@article{lorenc20054dvarbeats3dvar,
  title={Why does 4D-Var beat 3D-Var?},
  author={Lorenc, A. C. and Rawlins, F.},
  journal={Quarterly Journal of the Royal Meteorological Society},
  volume={131},
  number={613},
  pages={3247--3257},
  year={2005},
}

@article{sun2005challenges,
  author={Sun, Juanzhen},
  doi={10.1256/qj.05.149},
  journal={Quarterly Journal of the Royal Meteorological Society},
  title={Convective-Scale Assimilation of Radar Data: Progress and Challenges},
  pages={3439--3463},
  volume={131},
  year={2005}
}

@article{eckel2005ensemble,
  title={Aspects of Effective Mesoscale, Short-Range Ensemble Forecasting},
  author={Eckel, F.A. and Mass, C.F.},
  journal={Weather and Forecasting},
  volume={20},
  number={3},
  pages={328--350},
  year={2005}
}

@article{hamill2006trueskill,
  title={Measuring Forecast Skill: is it Real Skill or is it the Varying Climatology?},
  author={Hamill, T.M. and Juras, J.},
  journal={Quarterly Journal of the Royal Meteorological Society},
  volume={132},
  number={621C},
  pages={2905--2923},
  year={2006},
}

@article{wang2007theoretical,
  title={On the Theoretical Equivalence of Differently Proposed Ensemble-3DVAR Hybrid Analysis Schemes},
  author={Wang, X. and Snyder, C. and Hamill, T. M.},
  journal={Monthly Weather Review},
  volume={135},
  number={1},
  pages={222--227},
  year={2007}
}

@article{trapp2006stormreports,
  title={Buyer Beware: {S}ome Words of Caution on the use of Severe Wind Reports in Postevent Assessment and Research},
  author={Trapp, R. J. and Wheatley, D. M. and Atkins, N. T. and Przbylinksi, R. W. and Wolf, R.},
  journal={Weather and Forecasting},
  volume={21},
  pages={408--415},
  year={2006}
}

@article{ancell2006structure,
  title={Structure, Growth Rates, and Tangent Linear Accuracy of Adjoint Sensitivities with Respect to Horizontal and Vertical Resolution},
  author={Ancell, B.C. and Mass, C.F.},
  journal={Monthly weather review},
  volume={134},
  number={10},
  pages={2971--2988},
  year={2006}
}

@article{hohenegger2007predictability,
  title={Atmospheric Predictability at Synoptic Versus Cloud-Resolving Scales},
  author={Hohenegger, C. and Sch\"{a}r, C.},
  journal={Bulletin of the American Meteorological Society},
  volume={88},
  number={11},
  pages={1783--1794},
  year={2007},
}

@misc{hunt2007letkf,
  title={Efficient Data Assimilation for Spatiotemporal Chaos: {A} Local Ensemble Transform {K}alman Filter},
  author={Hunt, Brian R. and Kostelich, Eric J. and Szunyogh, Istvan},
  note={[Available online at \url{http://www.weatherchaos.umd.edu/papers/Hunt_et_al_2007.pdf}]}
}

@article{kain2008camconsiderations,
  author={Kain, John S. and {\noopsort{Kaina}}Weiss, Steven J. and Bright, David R. and Baldwin, Michael E. and Levit, Jason J. and Carbin, Gregory W. and Schwartz, Craig S. and Weisman, Morris L. and Droegemeier, Kelvin K. and Weber, Daniel and Thomas, Kevin W.},
  journal={Weather and Forecasting},
  pages={931--952},
  volume={23},
  title={Some Practical Considerations Regarding Horizontal Resolution in the First Generation of Operational Convection-Allowing NWP},
  year={2008}
}

@article{tong2008simultaneous,
  title={Simultaneous Estimation of Microphysical Parameters and Atmospheric State with Simulated Radar Data and Ensemble Suare Root {K}alman Filter. {P}art I: {S}ensitivity Analysis and Parameter Identifiability},
  author={Tong, M. and Xue, M.},
  journal={Monthly Weather Review},
  volume={136},
  number={5},
  pages={1630--1648},
  year={2008}
}

@article{lewis2008sasaki,
  title={Sasaki's Pivotal Contribution: Calculus of Variations Applied to Weather Map Analysis},
  author={Lewis, John and Lakshmivarahan, S.},
  journal={Monthly Weather Review},
  volume={136},
  number={9},
  pages={3553--3567},
  year={2008},
}

@article{sun2008squall,
  title={Analysis and prediction of a squall line observed during IHOP using multiple WSR-88D observations},
  author={Sun, Juanzhen and Zhang, Ying},
  journal={Monthly Weather Review},
  volume={136},
  number={7},
  pages={2364--2388},
  year={2008}
}

@InCollection{xue2008tornado,
  title={Numerical Prediction of High-Impact Local Weather: A Driver for Petascale Computing},
  author={Xue, Ming and Droegemeier, Kelvin K. and Weber, Daniel.},
  pages={103--124},
  booktitle={Petascale Computing: Algorithms and Applications},
  editor={Bader, D.A.},
  year={2008},
  publisher={Chapman \& Hall}
}

@inproceedings{smith2008hrrr,
  title={Convection Forecasts from the Hourly Updated, 3-km {H}igh {R}esolution {R}apid {R}efresh {M}odel},
  booktitle={Preprints, 24th Conference on Severe Local Storms},
  author={Smith, T. L. and Benjamin, S. G. and Brown, J. M. and Weygandt, S. S. and Smirnova, T. and Schwartz, B. E},
  year={2008},
  organization={Savannah, GA, American Meteorological Society, 11.1},
  note={[Available online at \url{http://ams.confex.com/ams/24SLS/techprogram/paper_142055.htm}]}
}

@article{wang2008hybrid,
  title={A Hybrid {ETKF-3DVAR} Data Assimilation Scheme for the WRF Model. {P}art II: {R}eal Observation Experiments},
  author={Wang, X. and Barker, D. M. and Snyder, C. and Hamill, T. M.},
  journal={Monthly Weather Review},
  volume={136},
  number={12},
  pages={5132--5147},
  year={2008}
}

@article{stensrud2009wof,
  title={Convective-Scale Warn-on-Forecast System},
  author={Stensrud, David J. and Xue, M. and Wicker, Louis J. and Kelleher, Kevin E. and Foster, Michael P. and Schaefer, Joseph T. and Schneider, Russell S. and Benjamin, Stanley G. and Weygandt, Stephen S. and Ferree, John T. and Tuell, Jason P.},
  journal={Bulletin of the American Meteorological Society},
  volume={90},
  number={10},
  pages={1487--1499},
  year={2009},
}

@article{clark2009comparison,
  author={Clark, Adam J. and {\noopsort{Clarka}}Gallus, William A. and Xue, Ming and Kong, Fanyou},
  journal={Weather and Forecasting},
  number={4},
  pages={1121--1140},
  title={A Comparison of Precipitation Forecast Skill between Small Convection-Allowing and Large Convection-Parameterizing Ensembles},
  volume={24},
  year={2009}
}

@article{varahan2009enkf,
  title={Ensemble {K}alman Filter: {A}pplication to Meteorological Data Assimilation},
  author={Lakshmivarahan, S., and Stensrud, David J.},
  journal={IEEE Control Systems Magazine},
  volume={29},
  number={3},
  pages={34--46},
  year={2009}
}

@article{schwartz2009camresolution,
  author={Schwartz, Craig S. and {\noopsort{Schwartza}}Kain, John S. and Weiss, Steven J. and Xue, Ming and Bright, David R. and Kong, Fanyou and Thomas, Kevin W. and Levit, Jason J. and Coniglio, Michael C.},
  journal={Monthly Weather Review},
  number={10},
  pages={3351--3372},
  title={Next-Day Convection-Allowing WRF Model Guidance: A Second Look at 2-km versus 4-km Grid Spacing},
  volume={137},
  year={2009}
}

@article{hong2009sensitivities,
  title={Sensitivity Study of Cloud-Resolving Convective Simulations with WRF Using Two Bulk Microphysical Parameterizations: Ice-Phase Microphysics versus Sedimentation Effects},
  author={Hong, Song-You and Lim, Kyo-Sun Sunny and Kim, Ju-Hye and Lim, Jeong-Ock Jade and Dudhia, Jimy},
  journal={Journal of Applied Meteorology and Climatology},
  volume={48},
  pages={61-76},
  year={2009}
}

@article{ortega2009shave,
  title={The Severe Hazards Analysis and Verification Experiment},
  author={Ortega, Kiel L. and Smith, Travis, M. and Manross, Kevin L. and Scharfenberg, Kevin A. and Witt, Arthur and Kolodziej, Angelyn G. and Gourley, J. J.},
  journal={Bulletin of the American Meteorological Society},
  volume={90},
  pages={1519--1530},
  year={2009}
}

@article{yang2009comparison,
  title={Comparison of Local Ensemble Transform {K}alman Filter, {3DVAR}, and {4DVAR} in a Quasigeostrophic Model},
  author={YANG, S. C. and CORAZZA, M. and CARRASSI, A. and KALNAY, E. and MIYOSHI, T.},
  journal={Monthly Weather Review},
  volume={137},
  number={2},
  pages={693--709},
  year={2009},
}


%%%%%%%%%%%%%%%%%%%%%%%%%%%%%%%%%%%
%%%%%%%%   2010s  Papers   %%%%%%%%
%%%%%%%%%%%%%%%%%%%%%%%%%%%%%%%%%%%

@article{clark2010mcv,
  author={Clark, Adam J. and {\noopsort{Clarkb}}Gallus, William A. and Xue, Ming and Kong, Fanyou},
  journal={Weather and Forecasting},
  number={4},
  pages={1052--1081},
  title={Convection-Allowing and Convection-Parameterizing Ensemble Forecasts of a Mesoscale Convective Vortex and Associated Severe Weather Environment},
  volume={25},
  year={2010}
}

@article{clark2010verification,
  author={Clark, Adam J. and {\noopsort{Clarkc}}Gallus, William A. and Weisman, Morris L.},
  journal={Weather and Forecasting},
  number={5},
  pages={1495--1509},
  title={Neighborhood-Based Verification of Precipitation Forecasts from Convection-Allowing NCAR WRF Model Simulations and the Operational NAM},
  volume={25},
  year={2010}
}

@article{kain2010attributes,
  author={Kain, John S. and {\noopsort{Kainb}}Dembek, Scott R. and Weiss, Steven J. and Case, Jonathan L. and Levit, Jason J. and Sobash, Ryan A.},
  journal={Weather and Forecasting},
  number={5},
  pages={1536--1542},
  title={Extracting Unique Information from High-Resolution Forecast Models: Monitoring Selected Fields and Phenomena Every Time Step},
  volume={25},
  year={2010}
}

@article{schwartz2010camresolution,
  author={Schwartz, Craig S. and {\noopsort{Schwartzb}}Kain, John S. and Weiss, Steven J. and Xue, Ming and Bright, David R. and Kong, Fanyou and Thomas, Kevin W. and Levit, Jason J. and Coniglio, Michael C. and Wandishin, Matthew S.},
  journal={Weather and Forecasting},
  number={1},
  pages={263--280},
  title={Toward Improved Convection-Allowing Ensembles: Model Physics Sensitivities and Optimizing Probabilistic Guidance with Small Ensemble Membership},
  volume={25},
  year={2010}
}

@article{stensrud20103dvar,
  title={Importance of Horizontally Inhomogeneous Environmental Initial Conditions to Ensemble Storm-Scale Radar Data Assimilation and Very Short-Range Forecasts},
  author={Stensrud, David J. and Gao, Jidong},
  journal={Monthly Weather Review},
  volume={138},
  number={4},
  pages={1250--1272},
  year={2010}
}

@inproceedings{marsh2010sls,
  title={Investigating a Fundamental Component of a {W}arn-on-{F}orecast System in a Collaborative Real-Time Experiment},
  booktitle={Preprints, 25th Conference on Severe Local Storms},
  author={Marsh, Patrick T. and Kain, John S. and Weiss, Steven J. and Jirak, Israel L. and Sobash, Ryan A. and Kong, Fanyou and Thomas, Kevin W. and Xue, Ming},
  year={2010},
  organization={Denver, CO, American Meteorological Society, 14.4},
  note={[Available online at \url{http://ams.confex.com/ams/25SLS/techprogram/paper_176218.htm}]}
}

@inproceedings{fabry2011details,
  title={The Devil is in the Details: {P}reparing radar information for its proper assimilation},
  booktitle={Extended Abstracts, 35th Conference on Radar Meteorology},
  author={Fabry, Fr\'{e}d\'{e}ric and Kilambi, Alamelu},
  year={2011},
  organization={Pittsburgh, PA, American Meteorological Society, 19A.6},
  note={[Available online at \url{http://ams.confex.com/ams/35Radar/webprogram/Paper191698.html}]}
}

@inproceedings{fabry2011details,
  title={The Devil is in the Details: {P}reparing radar information for its proper assimilation},
  booktitle={Extended Abstracts, 35th Conference on Radar Meteorology},
  author={Fabry, Fr\'{e}d\'{e}ric and Kilambi, Alamelu},
  year={2011},
  organization={Pittsburgh, PA, American Meteorological Society, 19A.6},
  note={[Available online at \url{http://ams.confex.com/ams/35Radar/webprogram/Paper191698.html}]}
}

@inproceedings{novak2011qpf,
  title={The Quantitative Precipitation Forecasting Component of the 2011 NOAA Hazardous Weather Testbed Spring Experiment},
  booktitle={Presentation, 36th Annual Meeting of the National Weather Association},
  author={Novak, David and Barthold, Faye and Oravec, Robert and Sullivan, Bruce and Orrison, Andrew},
  year={2011},
  organization={Birmingham, AL, National Weather Association},
  note={[Available online at \url{http://www.nwas.org/meetings/abstracts/display.php?id=1247}]}
}

@article{sobash2011kde,
  title={Probabilistic Forecast Guidance for Severe Thunderstorms Based on the Identification of Extreme Phenomena in Convection-Allowing Model Forecasts},
  author={Sobash, R. A. and Kain, J. S. and Bright, D. R. and Dean, A. R. and Coniglio, M. C. and Weiss, S. J.},
  journal={Weather and Forecasting},
  volume={26},
  number={5},
  pages={714--728},
  year={2011}
}

@article(bryan2012microphysics,
  title={Sensitivity of a Simulated Squall Line to Horizontal Resolution and Parameterization of Microphysics},
  author={Bryan, George H. and Morrison, Hugh},
  journal={Monthly Weather Review},
  year={2012},
  volume={140},
  pages={202--225}
)
@article{dawson2012enkf,
  title={Impact of the Environmental Low-Level Wind Profile on Ensemble Forecasts of the 4 May 2007 Greensburg, KS Tornadic Storm and Associated Mesocyclones},
  author={Dawson, Daniel T. and Wicker, Louis J. and Mansell, Edward R. and Tanamachi, Robin L.},
  journal={Monthly Weather Review},
  year={2012},
  volume={140},
  pages={696--716}
}

@article{clark2012overview,
  title={An Overview of the 2010 Hazardous Weather Testbed Experimental Forecast Program Spring Experiment},
  author={Clark, Adam J. and {\noopsort{Clarkd}}Weiss, S.J. and Kain, J.S. and Jirak, I.L. and Coniglio, M. and Melick, C.J. and Siewert, C. and Sobash, R.A. and Marsh, P.T. and Dean, A.R. and others},
  journal={Bulletin of the American Meteorological Society},
  volume={93},
  year={2012},
  pages={55--74},
}

@article{yussouf2012radarcomparisons,
  title={Comparison of Single-Parameter and Multiparameter Ensembles for Assimilation of Radar Observations Using the Ensemble Kalman Filter},
  author={Yussouf, Nusrat and Stensrud, David J.},
  journal={Monthly Weather Review},
  volume={140},
  pages={562--586},
  year={2012}
}

@article{marsh2012calibration,
  title={A Method for Calibrating Deterministic Forecasts of Rare Events},
  author={Marsh, Patrick T. and Kain, John S. and Lakshmanan, Valliappa and Clark, Adam J. and Hitchens, Nathan M. and Hardy, Jill},
  journal={Weather and Forecasting},
  year={2012},
  note={[In Press]}
}





